@article{ehringer2010dalvik,
  title={The dalvik virtual machine architecture},
  author={Ehringer, David},
  journal={Techn. report (March 2010)},
  year={2010}
}

@inproceedings{bornstein2008dalvik,
  title={Dalvik vm internals},
  author={Bornstein, Dan},
  booktitle={Google I/O Developer Conference},
  volume={23},
  pages={17--30},
  year={2008}
}

@inproceedings{lin2011benchmark,
  title={Benchmark dalvik and native code for android system},
  author={Lin, Cheng-Min and Lin, Jyh-Horng and Dow, Chyi-Ren and Wen, Chang-Ming},
  booktitle={Innovations in Bio-inspired Computing and Applications (IBICA), 2011 Second International Conference on},
  pages={320--323},
  year={2011},
  organization={IEEE}
}

@article{purkayastha2013android,
  title={Android Optimization: A Survey},
  author={Purkayastha, Ms Debosmita Sen and Singhla, Mr Nitin},
  year={2013}
}

@misc{security2012analysis,
  title={Analysis of Dalvik Virtual Machine and class path library},
  author={Security Engineering Research Group and others},
  journal={2009-07-12). http://imsciences. edu. pk/serg/wp-content/uploads/2009/07/Analysis-of-D alvik-VM. pdf},
  year={2012}
}

@inproceedings{schmidtxmark,
    title={XMark: A benchmark for XML data management},
     author={Schmidt, Albrecht and Waas, Florian and Kersten, Martin and Carey, Michael J and Manolescu, Ioana and Busse, Ralph},
     booktitle={Proceedings of the 28th international conference on Very Large Data Bases},
  pages={974--985},
    year={2002},
      organization={VLDB Endowment}
}
